@book{Collins:13,
    author  = {Michael Collins},
    title   = {Phrase-Based Translation Models},
    year    = "2013",
}

@book{Adam:13,
    author  = {Kevin Knight},
    title   = {A Statistical MT Tutorial Workbook },
    year    = "1999",
    url = {http://www.isi.edu/natural-language/mt/wkbk.pdf}

}

@MISC{Och04asmorgasbord,
    author = {Franz Josef Och and Kenji Yamada and Alex Fraser and Daniel Gildea and Viren Jain and et al.},
    title = {A Smorgasbord of Features for Statistical Machine Translation},
    year = {2004}
}

@INPROCEEDINGS{Shen04discriminativereranking,
    author = {Libin Shen},
    title = {Discriminative reranking for machine translation},
    booktitle = {In HLTNAACL 2004},
    year = {2004},
    pages = {177--184}
}

@inproceedings{Hopkins:2011:TR:2145432.2145575,
 author = {Hopkins, Mark and May, Jonathan},
 title = {Tuning As Ranking},
 booktitle = {Proceedings of the Conference on Empirical Methods in Natural Language Processing},
 series = {EMNLP '11},
 year = {2011},
 isbn = {978-1-937284-11-4},
 location = {Edinburgh, United Kingdom},
 pages = {1352--1362},
 numpages = {11},
 url = {http://dl.acm.org/citation.cfm?id=2145432.2145575},
 acmid = {2145575},
 publisher = {Association for Computational Linguistics},
 address = {Stroudsburg, PA, USA},
} 

@book{Koehn:09,
URL={http://anoopsarkar.github.io/nlp-class/assets/slides/06-decoding.pdf}
}